<record><leader>00000cas a22000007a 4500</leader><controlfield tag="001">27175672</controlfield><controlfield tag="008">921228d19331936wyucr ne      0    0eng d</controlfield><datafield ind1=" " ind2=" " tag="010"><subfield code="a">sn 92067223 </subfield></datafield><datafield ind1=" " ind2=" " tag="040"><subfield code="a">NVO</subfield><subfield code="b">eng</subfield><subfield code="c">NVO</subfield><subfield code="d">OCLCQ</subfield></datafield><datafield ind1=" " ind2=" " tag="042"><subfield code="a">msc</subfield></datafield><datafield ind1="0" ind2="0" tag="245"><subfield code="a">Rock Springs rocket and the Wyoming journal.</subfield></datafield><datafield ind1="1" ind2="3" tag="246"><subfield code="a">Rock Springs rocket, the Wyoming journal</subfield></datafield><datafield ind1=" " ind2=" " tag="260"><subfield code="a">Rock Springs, Wyo. :</subfield><subfield code="b">Rock Springs Pub. Co.</subfield></datafield><datafield ind1=" " ind2=" " tag="300"><subfield code="a">v.</subfield></datafield><datafield ind1=" " ind2=" " tag="310"><subfield code="a">Semiweekly</subfield></datafield><datafield ind1="1" ind2=" " tag="362"><subfield code="a">Began in Nov. 1933.</subfield></datafield><datafield ind1="0" ind2=" " tag="362"><subfield code="a">-v. 28, no. 4 (Jan. 1, 1936).</subfield></datafield><datafield ind1=" " ind2=" " tag="515"><subfield code="a">Numbering is irregular.</subfield></datafield><datafield ind1=" " ind2=" " tag="588"><subfield code="a">Description based on: Vol. 27, no. 115 (Nov. 11, 1933).</subfield></datafield><datafield ind1=" " ind2="4" tag="651"><subfield code="a">Rock Springs (Wyo.)</subfield><subfield code="v">Newspapers.</subfield></datafield><datafield ind1=" " ind2="4" tag="651"><subfield code="a">Sweetwater County (Wyo.)</subfield><subfield code="v">Newspapers.</subfield></datafield><datafield ind1=" " ind2=" " tag="752"><subfield code="a">United States</subfield><subfield code="b">Wyoming</subfield><subfield code="c">Sweetwater</subfield><subfield code="d">Rock Springs.</subfield></datafield><datafield ind1="0" ind2="4" tag="780"><subfield code="t">Rock Springs rocket (Rock Springs, Wyo. : 1907)</subfield><subfield code="w">(DLC)sn 92067222</subfield></datafield><datafield ind1="0" ind2="4" tag="780"><subfield code="t">Wyoming journal (Rock Springs, Wyo.)</subfield></datafield><datafield ind1="0" ind2="0" tag="785"><subfield code="t">Rock Springs daily rocket</subfield><subfield code="w">(DLC)sn 92067224</subfield></datafield><datafield ind1="1" ind2=" " tag="029"><subfield code="a">AU@</subfield><subfield code="b">000020720290</subfield></datafield></record>